<?xml version="1.0" encoding="UTF-8"?><collection xmlns="http://www.loc.gov/MARC21/slim"><record><leader>00391nam--2200121-i-4500</leader><controlfield tag="001">000038981</controlfield><controlfield tag="002">20161230</controlfield><controlfield tag="005">20161230201042</controlfield><controlfield tag="008">060222s1000------------r-----000-0-eng-d</controlfield><datafield ind1=" " ind2=" " tag="100"><subfield code="a">Riche,Joe</subfield></datafield><datafield ind1=" " ind2=" " tag="245"><subfield code="a">Etude de la luminosite et du pouvoir de resolution d`un spectrographe beta utilisant une induction inhomogene en r1. these</subfield></datafield><datafield ind1=" " ind2=" " tag="260"><subfield code="a">Lyon, Faculte Des Sciences, 1962. 66 P</subfield></datafield><datafield ind1=" " ind2=" " tag="852"><subfield code="a">18166</subfield></datafield></record></collection>